@book{Serway,
author = {Serway, Raymond A. and Jewett, John W.},
title = {Physics for Scientists and Engineers with Modern, Hybrid (with Enhanced WebAssign Homework and EBook LOE Printed Access Card for Multi Term Math and Science)},
year = {2011},
isbn = {113310360X},
publisher = {Brooks/Cole Publishing Co.},
address = {USA},
edition = {8th}
}
  
